@article{gsm-7-bit,
  title={7-bit coded character set for information exchange},
  author={International Reference Alphabet (IRA)},
  journal={ITU-T Recommendation T .50},
}

@article{at-befehle,
  title={07.07: Digital Cellular Telecommunication System (Phase 2+) AT Command Set for GSM Mobile Equipment (ME)},
  author={ETSI, GSM},
  journal={http://portal.etsi.org/action/pu/19991214/19991214.htm},
  year={1997}
}

@article{pdu-mode,
	title={Digital cellular telecommunications system technical realization of the short message service (sms) point-to-point, Technical report},
	journal={ETSI 2001, ETSI TS 100 901 V7.5.0},
	year={1998},
	author={ETSI, GSM},
}

@misc{maven,
	 howpublished = "\url{http://maven.apache.org}",
	 year = {2014},
	 author = {The Apache Software Foundation},
	 note = {accessed 2-January-2014}
}